@comment{x-kbibtex-personnameformatting=<%l><, %f>}

@inproceedings{Siegfried2017,
	added-at = "2017-11-06T00:00:00.000+0100",
	author = "Siegfried, R{\'e}my and Yu, Yu and Odobez, Jean-Marc",
	booktitle = "{ICMI}",
	crossref = "conf/icmi/2017",
	editor = "Lank, Edward and Vinciarelli, Alessandro and Hoggan, Eve E. and Subramanian, Sriram and Brewster, Stephen A.",
	interhash = "d9555abc85616898b3852d1a6d98b73b",
	intrahash = "3c5071e9ebcd186e37f3a9b52280d448",
	isbn = "978-1-4503-5543-8",
	keywords = "dblp",
	pages = "154--162",
	publisher = "ACM",
	timestamp = "2017-12-07T22:52:07.000+0100",
	title = "{Towards the use of social interaction conventions as prior for gaze model adaptation.}",
	url = "http://dblp.uni-trier.de/db/conf/icmi/icmi2017.html#SiegfriedYO17; http://doi.acm.org/10.1145/3136755.3136793; http://www.bibsonomy.org/bibtex/23c5071e9ebcd186e37f3a9b52280d448/dblp",
	x-fetchedfrom = "Bibsonomy",
	year = 2017
}

@inproceedings{Yu2017,
	added-at = "2017-07-06T00:00:00.000+0200",
	author = "Yu, Yu and Mora, Kenneth Alberto Funes and Odobez, Jean-Marc",
	booktitle = "{FG}",
	crossref = "conf/fgr/2017",
	interhash = "4990ad803e789f09934245568026ada2",
	intrahash = "dcab2e37b7ebc4c43182ca29374cf966",
	isbn = "978-1-5090-4023-0",
	keywords = "dblp",
	pages = "711--718",
	publisher = "IEEE Computer Society",
	timestamp = "2017-07-07T11:41:07.000+0200",
	title = "{Robust and Accurate 3D Head Pose Estimation through 3DMM and Online Head Model Reconstruction.}",
	url = "http://dblp.uni-trier.de/db/conf/fgr/fg2017.html#YuMO17; http://doi.ieeecomputersociety.org/10.1109/FG.2017.90; http://www.bibsonomy.org/bibtex/2dcab2e37b7ebc4c43182ca29374cf966/dblp",
	x-fetchedfrom = "Bibsonomy",
	year = 2017
}

@inproceedings{Heikkila1997,
	added-at = "2014-07-31T00:00:00.000+0200",
	author = "Heikkil{\"a}, Janne and Silv{\'e}n, Olli",
	booktitle = "{CVPR}",
	crossref = "conf/cvpr/1997",
	interhash = "7af6f0cbbd8c9ade554dfadfa9165921",
	intrahash = "9e8f5b612bbf131839e995c128df3fe7",
	isbn = "0-8186-7822-4",
	keywords = "dblp",
	pages = "1106--1112",
	publisher = "IEEE Computer Society",
	timestamp = "2015-06-19T16:11:17.000+0200",
	title = "{A Four-step Camera Calibration Procedure with Implicit Image Correction.}",
	url = "http://dblp.uni-trier.de/db/conf/cvpr/cvpr1997.html#HeikkilaS97; http://doi.ieeecomputersociety.org/10.1109/CVPR.1997.609468; http://www.bibsonomy.org/bibtex/29e8f5b612bbf131839e995c128df3fe7/dblp",
	x-fetchedfrom = "Bibsonomy",
	year = 1997
}

@inproceedings{Smisek2011,
	added-at = "2012-01-20T00:00:00.000+0100",
	author = "Smisek, Jan and Jancosek, Michal and Pajdla, Tom{\'a}s",
	booktitle = "{ICCV Workshops}",
	crossref = "conf/iccvw/2011",
	interhash = "e18200c63d79ac888424a033d8b42dac",
	intrahash = "2b3a4793b1fcec6a2cffcbe121c9f03e",
	isbn = "978-1-4673-0062-9",
	keywords = "dblp",
	pages = "1154--1160",
	publisher = "IEEE",
	timestamp = "2012-01-21T11:34:00.000+0100",
	title = "{3D with Kinect.}",
	url = "http://dblp.uni-trier.de/db/conf/iccvw/iccvw2011.html#SmisekJP11; http://dx.doi.org/10.1109/ICCVW.2011.6130380; http://www.bibsonomy.org/bibtex/22b3a4793b1fcec6a2cffcbe121c9f03e/dblp",
	x-fetchedfrom = "Bibsonomy",
	year = 2011
}

@inproceedings{Vertegaal2002,
	added-at = "2012-08-27T00:00:00.000+0200",
	author = "Vertegaal, Roel and Ding, Yaping",
	booktitle = "{CSCW}",
	crossref = "conf/cscw/2002",
	editor = "Churchill, Elizabeth F. and McCarthy, Joseph F. and Neuwirth, Christine and Rodden, Tom",
	interhash = "580c065f78d3983dcc58e76e9961099e",
	intrahash = "2c26ee57169f67eff394c1e27a4c509f",
	isbn = "1-58113-560-2",
	keywords = "dblp",
	pages = "41--48",
	publisher = "ACM",
	timestamp = "2012-08-28T11:36:05.000+0200",
	title = "{Explaining effects of eye gaze on mediated group conversations: : amount or synchronization?}",
	url = "http://dblp.uni-trier.de/db/conf/cscw/cscw2002.html#VertegaalD02; http://doi.acm.org/10.1145/587078.587085; http://www.bibsonomy.org/bibtex/22c26ee57169f67eff394c1e27a4c509f/dblp",
	x-fetchedfrom = "Bibsonomy",
	year = 2002
}

@inproceedings{Andrist2013,
	added-at = "2013-08-21T00:00:00.000+0200",
	author = "Andrist, Sean and Mutlu, Bilge and Gleicher, Michael",
	booktitle = "{IVA}",
	crossref = "conf/iva/2013",
	editor = "Aylett, Ruth and Krenn, Brigitte and Pelachaud, Catherine and Shimodaira, Hiroshi",
	interhash = "6083b59737833b8fb012a11b93985041",
	intrahash = "f9a645f80d2eddd045bcd7a7b3aa0cc3",
	isbn = "978-3-642-40414-6",
	keywords = "dblp",
	pages = "249--262",
	publisher = "Springer",
	series = "{Lecture Notes in Computer Science}",
	timestamp = "2013-08-22T11:39:02.000+0200",
	title = "{Conversational Gaze Aversion for Virtual Agents.}",
	url = "http://dblp.uni-trier.de/db/conf/iva/iva2013.html#AndristMG13; http://dx.doi.org/10.1007/978-3-642-40415-3_22; http://www.bibsonomy.org/bibtex/2f9a645f80d2eddd045bcd7a7b3aa0cc3/dblp",
	volume = 8108,
	x-fetchedfrom = "Bibsonomy",
	year = 2013
}

@inproceedings{Funes2014,
	added-at = "2016-04-28T00:00:00.000+0200",
	author = "Mora, Kenneth Alberto Funes and Odobez, Jean-Marc",
	booktitle = "{CVPR}",
	crossref = "conf/cvpr/2014",
	interhash = "1163ebee05476d72e936fef42cc5ac73",
	intrahash = "a49b9ac4d652ff698d0fd1729a341317",
	isbn = "978-1-4799-5118-5",
	keywords = "dblp",
	pages = "1773--1780",
	publisher = "IEEE Computer Society",
	timestamp = "2016-04-29T11:51:33.000+0200",
	title = "{Geometric Generative Gaze Estimation (G3E) for Remote RGB-D Cameras.}",
	url = "http://dblp.uni-trier.de/db/conf/cvpr/cvpr2014.html#MoraO14; http://doi.ieeecomputersociety.org/10.1109/CVPR.2014.229; http://www.bibsonomy.org/bibtex/2a49b9ac4d652ff698d0fd1729a341317/dblp",
	x-fetchedfrom = "Bibsonomy",
	year = 2014
}

@inproceedings{EYEDIAP2014,
	added-at = "2014-03-22T00:00:00.000+0100",
	author = "Mora, Kenneth Alberto Funes and Monay, Florent and Odobez, Jean-Marc",
	booktitle = "{ETRA}",
	crossref = "conf/etra/2014",
	editor = "Qvarfordt, Pernilla and Hansen, Dan Witzner",
	interhash = "63e8b14fc4d9067a939b31b177bc37c7",
	intrahash = "2a94e79edb13be51607db0aa6f974043",
	isbn = "978-1-4503-2751-0",
	keywords = "dblp",
	pages = "255--258",
	publisher = "ACM",
	timestamp = "2015-06-18T10:59:11.000+0200",
	title = "{EYEDIAP: a database for the development and evaluation of gaze estimation algorithms from RGB and RGB-D cameras.}",
	url = "http://dblp.uni-trier.de/db/conf/etra/etra2014.html#MoraMO14; http://doi.acm.org/10.1145/2578153.2578190; http://www.bibsonomy.org/bibtex/22a94e79edb13be51607db0aa6f974043/dblp",
	x-fetchedfrom = "Bibsonomy",
	year = 2014
}

@inproceedings{Andrist2014,
	added-at = "2015-02-27T00:00:00.000+0100",
	author = "Andrist, Sean and Tan, Xiang Zhi and Gleicher, Michael and Mutlu, Bilge",
	booktitle = "{HRI}",
	crossref = "conf/hri/2014",
	editor = "Sagerer, Gerhard and Imai, Michita and Belpaeme, Tony and Thomaz, Andrea Lockerd",
	interhash = "3284e5698d764c85bfcdecf42ff02781",
	intrahash = "d427c99aee93d9315d179d29b0432b77",
	isbn = "978-1-4503-2658-2",
	keywords = "dblp",
	pages = "25--32",
	publisher = "ACM",
	timestamp = "2015-06-18T16:10:48.000+0200",
	title = "{Conversational gaze aversion for humanlike robots.}",
	url = "http://dblp.uni-trier.de/db/conf/hri/hri2014.html#AndristTGM14; http://doi.acm.org/10.1145/2559636.2559666; http://www.bibsonomy.org/bibtex/2d427c99aee93d9315d179d29b0432b77/dblp",
	x-fetchedfrom = "Bibsonomy",
	year = 2014
}

@inproceedings{Azagra2017,
	added-at = "2017-12-19T00:00:00.000+0100",
	author = "Azagra, Pablo and Golemo, Florian and Mollard, Yoan and Lopes, Manuel and Civera, Javier and Murillo, Ana C.",
	booktitle = "{IROS}",
	crossref = "conf/iros/2017",
	interhash = "001eb7d6567c726d465e93f2c47f6349",
	intrahash = "c1e679e3dbb0c9a1b15cbd2a165f9460",
	isbn = "978-1-5386-2682-5",
	keywords = "dblp",
	pages = "6134--6141",
	publisher = "IEEE",
	timestamp = "2017-12-20T11:38:37.000+0100",
	title = "{A multimodal dataset for object model learning from natural human-robot interaction.}",
	url = "http://dblp.uni-trier.de/db/conf/iros/iros2017.html#AzagraGMLCM17; https://doi.org/10.1109/IROS.2017.8206514; http://www.bibsonomy.org/bibtex/2c1e679e3dbb0c9a1b15cbd2a165f9460/dblp",
	x-fetchedfrom = "Bibsonomy",
	year = 2017
}

@article{Sheikhi2O15,
	added-at = "2016-01-12T00:00:00.000+0100",
	author = "Sheikhi, Samira and Odobez, Jean-Marc",
	interhash = "77dd8af3390246bcf4fe50098b2c1626",
	intrahash = "49d040e28ceb46cb2d047c3404422ec3",
	journal = "Pattern Recognition Letters",
	keywords = "dblp",
	pages = "81--90",
	timestamp = "2016-01-13T12:03:06.000+0100",
	title = "{Combining dynamic head pose-gaze mapping with the robot conversational state for attention recognition in human-robot interactions.}",
	url = "http://dblp.uni-trier.de/db/journals/prl/prl66.html#SheikhiO15; http://dx.doi.org/10.1016/j.patrec.2014.10.002; http://www.bibsonomy.org/bibtex/249d040e28ceb46cb2d047c3404422ec3/dblp",
	volume = 66,
	x-fetchedfrom = "Bibsonomy",
	year = 2015
}

@article{MultiPersonVFOA_Ba2011,
	added-at = "2016-03-12T00:00:00.000+0100",
	author = "Ba, Sileye O. and Odobez, Jean-Marc",
	interhash = "d51dbc2b35488cc5afe759cebee8a60f",
	intrahash = "d05077f9885944d4bf885a02a876e0d7",
	journal = "IEEE Trans. Pattern Anal. Mach. Intell.",
	keywords = "dblp",
	number = 1,
	pages = "101--116",
	timestamp = "2016-03-15T11:51:57.000+0100",
	title = "{Multiperson Visual Focus of Attention from Head Pose and Meeting Contextual Cues.}",
	url = "http://dblp.uni-trier.de/db/journals/pami/pami33.html#BaO11; http://doi.ieeecomputersociety.org/10.1109/TPAMI.2010.69; http://www.bibsonomy.org/bibtex/2d05077f9885944d4bf885a02a876e0d7/dblp",
	volume = 33,
	x-fetchedfrom = "Bibsonomy",
	year = 2011
}

@article{VFOAMasseBa2017,
	added-at = "2017-04-03T00:00:00.000+0200",
	author = "Mass{\'e}, Beno{\^i}t and Ba, Sil{\`e}ye O. and Horaud, Radu",
	interhash = "67cfe28e1c33c3ea7cec3709eed89d24",
	intrahash = "021f93a171a987219eac66f83a7b8361",
	journal = "CoRR",
	keywords = "dblp",
	timestamp = "2017-04-04T11:35:52.000+0200",
	title = "{Tracking Gaze and Visual Focus of Attention of People Involved in Social Interaction.}",
	url = "http://dblp.uni-trier.de/db/journals/corr/corr1703.html#MasseBH17; http://arxiv.org/abs/1703.04727; http://www.bibsonomy.org/bibtex/2021f93a171a987219eac66f83a7b8361/dblp",
	volume = "abs/1703.04727",
	x-fetchedfrom = "Bibsonomy",
	year = 2017
}

@article{HanesMcCollum2006,
	abstract = "dblp",
	added-at = "2006-11-22T00:00:00.000+0100",
	author = "Hanes, Douglas A. and McCollum, Gin",
	date = "2006-11-22",
	interhash = "fa2564494a3626c400ede76dd92d6c1e",
	intrahash = "c9f40606c077dc3b64e09ddfc3e7a290",
	journal = "Biological Cybernetics",
	keywords = "dblp",
	number = 4,
	pages = "300--324",
	timestamp = "2006-11-22T00:00:00.000+0100",
	title = "{Variables Contributing to the Coordination of Rapid Eye/Head Gaze Shifts.}",
	url = "http://dblp.uni-trier.de/db/journals/bc/bc94.html#HanesM06; http://dx.doi.org/10.1007/s00422-006-0049-9; http://www.bibsonomy.org/bibtex/2c9f40606c077dc3b64e09ddfc3e7a290/dblp",
	volume = 94,
	x-fetchedfrom = "Bibsonomy",
	year = 2006
}

@article{Langton2000,
	author = "Langton, Stephen R.H. and Watt, Roger J. and Bruce, Vicki",
	doi = "10.1016/S1364-6613(99)01436-9",
	issn = "1364-6613",
	journal = "Trends in Cognitive Sciences",
	keywords = "Social attention; Gaze perception; Gaze following; Pointing gestures; Gaze cueing",
	number = "2",
	pages = "50--59",
	title = "{Do the eyes have it? Cues to the direction of social attention}",
	url = "http://www.sciencedirect.com/science/article/pii/S1364661399014369",
	volume = "4",
	year = "2000"
}

@article{Khalidov,
	author = "Khalidov, Vasil and Odobez, Jean-Marc",
	publisher = "Idiap",
	title = "{Real-time Multiple Head Tracking Using Texture and Colour Cues}",
	year = "2017"
}

@article{Funes2016,
	added-at = "2016-06-13T00:00:00.000+0200",
	author = "Mora, Kenneth Alberto Funes and Odobez, Jean-Marc",
	interhash = "73c8caa7e3a4c672d0dd0c9ae2157513",
	intrahash = "2afc2e6e0dd27268c8c70b132ee88a59",
	journal = "International Journal of Computer Vision",
	keywords = "dblp",
	number = 2,
	pages = "194--216",
	timestamp = "2016-06-14T11:49:21.000+0200",
	title = "{Gaze Estimation in the 3D Space Using RGB-D Sensors - Towards Head-Pose and User Invariance.}",
	url = "http://dblp.uni-trier.de/db/journals/ijcv/ijcv118.html#MoraO16; http://dx.doi.org/10.1007/s11263-015-0863-4; http://www.bibsonomy.org/bibtex/22afc2e6e0dd27268c8c70b132ee88a59/dblp",
	volume = 118,
	x-fetchedfrom = "Bibsonomy",
	year = 2016
}

@article{Freedman1997,
	abstract = "CCNLab BibTeX",
	added-at = "2008-09-16T23:39:07.000+0200",
	author = "Freedman, E. G. and Sparks, D. L.",
	interhash = "ed5e160f1900aa8eb3d6dc23c4706498",
	intrahash = "641ce3f05e971151234c83379a38d08e",
	journal = "Journal of Neurophysiology",
	keywords = "devo; yuko",
	pages = 2328,
	timestamp = "2008-09-16T23:40:01.000+0200",
	title = "{Eye-Head Coordination During Head-Unrestrained Gaze Shifts in Rhesus Monkeys.}",
	url = "http://www.bibsonomy.org/bibtex/2641ce3f05e971151234c83379a38d08e/brian.mingus",
	volume = 77,
	x-fetchedfrom = "Bibsonomy",
	year = 1997
}

@article{Freedman2008,
	abstract = "dblp",
	added-at = "2010-02-18T00:00:00.000+0100",
	author = "Freedman, Edward G.",
	date = "2010-02-18",
	interhash = "1d090b9420e2ef16c3fbf9f6c40f29f8",
	intrahash = "60e8d6c0e1d5d5b3147bdf3d0b5df61d",
	journal = "Biological Cybernetics",
	keywords = "dblp",
	number = 6,
	pages = "453--462",
	timestamp = "2010-02-19T11:34:24.000+0100",
	title = "{Interactions between eye and head control signals can account for movement kinematics.}",
	url = "http://dblp.uni-trier.de/db/journals/bc/bc84.html#Freedman01; http://dx.doi.org/10.1007/PL00007989; http://www.bibsonomy.org/bibtex/260e8d6c0e1d5d5b3147bdf3d0b5df61d/dblp",
	volume = 84,
	x-fetchedfrom = "Bibsonomy",
	year = 2001
}

@article{Ba2009,
	added-at = "2016-03-09T00:00:00.000+0100",
	author = "Ba, Sileye O. and Odobez, Jean-Marc",
	interhash = "b7c124e9cf4c733f062c4f0ae84166db",
	intrahash = "6a5e5d811d044f38dbc55c06e51c63d6",
	journal = "IEEE Trans. Systems, Man, and Cybernetics, Part B",
	keywords = "dblp",
	number = 1,
	pages = "16--33",
	timestamp = "2016-03-10T13:32:20.000+0100",
	title = "{Recognizing Visual Focus of Attention From Head Pose in Natural Meetings.}",
	url = "http://dblp.uni-trier.de/db/journals/tsmc/tsmcb39.html#BaO09; http://dx.doi.org/10.1109/TSMCB.2008.927274; http://www.bibsonomy.org/bibtex/26a5e5d811d044f38dbc55c06e51c63d6/dblp",
	volume = 39,
	x-fetchedfrom = "Bibsonomy",
	year = 2009
}

@article{Zhang2000,
	added-at = "2016-03-12T00:00:00.000+0100",
	author = "Zhang, Zhengyou",
	interhash = "c7432ae204b4a513c5117a49ae560210",
	intrahash = "8f322f4f3ba5d41918fc7511e59d1176",
	journal = "IEEE Trans. Pattern Anal. Mach. Intell.",
	keywords = "dblp",
	number = 11,
	pages = "1330--1334",
	timestamp = "2016-03-15T11:51:57.000+0100",
	title = "{A Flexible New Technique for Camera Calibration.}",
	url = "http://dblp.uni-trier.de/db/journals/pami/pami22.html#Zhang00; http://doi.ieeecomputersociety.org/10.1109/34.888718; http://www.bibsonomy.org/bibtex/28f322f4f3ba5d41918fc7511e59d1176/dblp",
	volume = 22,
	x-fetchedfrom = "Bibsonomy",
	year = 2000
}

@book{Hartley2003,
	abstract = "Multiple View Geometry in Computer Vision",
	added-at = "2012-09-23T11:04:02.000+0200",
	address = "New York, NY, USA",
	author = "Hartley, Richard and Zisserman, Andrew",
	edition = 2,
	interhash = "7894893cb1baf364de16c2d27541e4c4",
	intrahash = "4867b22ef159cc28fc1bbe1476a0ec57",
	isbn = "0521540518",
	keywords = "view multiple geometry zisserman",
	publisher = "Cambridge University Press",
	timestamp = "2012-09-23T11:04:02.000+0200",
	title = "{Multiple View Geometry in Computer Vision}",
	url = "http://www.bibsonomy.org/bibtex/24867b22ef159cc28fc1bbe1476a0ec57/daill",
	x-fetchedfrom = "Bibsonomy",
	year = 2003
}

@article{Herrera2012,
	added-at = "2016-03-12T00:00:00.000+0100",
	author = "{Herrera C.}, Daniel and Kannala, Juho and Heikkil{\"a}, Janne",
	interhash = "9845158d0adb227d10c93a9e19999af1",
	intrahash = "fa745d76d26e455871c312c6e5902933",
	journal = "IEEE Trans. Pattern Anal. Mach. Intell.",
	keywords = "dblp",
	number = 10,
	pages = "2058--2064",
	timestamp = "2016-03-15T11:50:17.000+0100",
	title = "{Joint Depth and Color Camera Calibration with Distortion Correction.}",
	url = "http://dblp.uni-trier.de/db/journals/pami/pami34.html#CKH12; http://doi.ieeecomputersociety.org/10.1109/TPAMI.2012.125; http://www.bibsonomy.org/bibtex/2fa745d76d26e455871c312c6e5902933/dblp",
	volume = 34,
	x-fetchedfrom = "Bibsonomy",
	year = 2012
}

@article{Argyle1972,
	author = "Argyle, Michael",
	journal = "R. A. Hinde, Non-verbal communication. Oxford, England: Cambridge U. Press.",
	title = "{ Non-Verbal Communication in Human Social Interaction. .}",
	url = "http://psycnet.apa.org/record/1973-24485-010",
	year = 1972
}

@article{Admoni2017,
	author = "Admoni, Henny and Scassellati, Brian",
	journal = "Journal of Human-Robot Interaction",
	number = 1,
	pages = "25--53",
	title = "{Social Eye Gaze in Human-Robot Interaction: A Review}",
	volume = 6,
	year = 2017
}

@article{Cook1977,
	author = "Cook, Mark",
	issn = "00030996",
	journal = "American Scientist",
	number = "3",
	pages = "328--333",
	publisher = "Sigma Xi, The Scientific Research Society",
	title = {{Gaze and Mutual Gaze in Social Encounters: How long---and when---we look others "in the eye" is one of the main signals in nonverbal communication}},
	url = "http://www.jstor.org/stable/27847843",
	volume = "65",
	year = "1977"
}

@inproceedings{Andrist2015April,
	acmid = "2702592",
	address = "New York, NY, USA",
	author = "Andrist, Sean and Mutlu, Bilge and Tapus, Adriana",
	booktitle = "{Proceedings of the 33rd Annual ACM Conference on Human Factors in Computing Systems}",
	doi = "10.1145/2702123.2702592",
	isbn = "978-1-4503-3145-6",
	keywords = "compliance; gaze; human-robot interaction (hri); motivation; personality; similarity-attraction",
	location = "Seoul, Republic of Korea",
	numpages = "10",
	pages = "3603--3612",
	publisher = "ACM",
	series = "{CHI '15}",
	title = "{Look Like Me: Matching Robot Personality via Gaze to Increase Motivation}",
	url = "http://doi.acm.org/10.1145/2702123.2702592",
	year = "2015"
}

@article{Andrist2015,
	author = "Andrist, Sean and Collier, Wesley and Gleicher, Michael and Mutlu, Bilge and Shaffer, David",
	doi = "10.3389/fpsyg.2015.01016",
	issn = "1664-1078",
	journal = "Frontiers in Psychology",
	pages = "1016",
	title = "{Look together: analyzing gaze coordination with epistemic network analysis}",
	url = "https://www.frontiersin.org/article/10.3389/fpsyg.2015.01016",
	volume = "6",
	year = "2015"
}

@article{Hayhoe2005,
	author = "Hayhoe, Mary and Ballard, Dana",
	doi = "10.1016/j.tics.2005.02.009",
	issn = "1364-6613",
	journal = "Trends in Cognitive Sciences",
	note = "doi: 10.1016/j.tics.2005.02.009",
	number = "4",
	pages = "188--194",
	publisher = "Elsevier",
	risfield_0_do = "10.1016/j.tics.2005.02.009",
	risfield_1_t2 = "Trends in Cognitive Sciences",
	risfield_2_m3 = "doi: 10.1016/j.tics.2005.02.009",
	title = "{Eye movements in natural behavior}",
	volume = "9",
	year = "2005"
}

@article{Land2009,
	author = "Land, MICHAEL F.",
	doi = "10.1017/S0952523808080899",
	journal = "Visual Neuroscience",
	number = "1",
	pages = "51--62",
	publisher = "Cambridge University Press",
	title = "{Vision, eye movements, and natural behavior}",
	volume = "26",
	year = "2009"
}

@article{Yarbus1967,
	added-at = "2010-05-16T13:06:17.000+0200",
	author = "Yarbus",
	biburl = "http://www.bibsonomy.org/bibtex/28d8ecb9d896285ab08758b46392a3148/tmalsburg",
	interhash = "7d1f88a454f44d548d8bcbc08ae26a5e",
	intrahash = "8d8ecb9d896285ab08758b46392a3148",
	journal = "Plenum",
	keywords = "classic eyemovements scanpath vision",
	timestamp = "2010-05-16T13:06:17.000+0200",
	title = "{Eye Movements and Vision}",
	x-fetchedfrom = "Bibsonomy",
	year = 1967
}

@article{Triesh2003,
	author = "Triesch, Jochen and Ballard, Dana H. and Hayhoe, Mary M. and Sullivan, Brian T.",
	doi = "10.1167/3.1.9",
	eprint = "/data/journals/jov/933043/jov-3-1-9.pdf",
	journal = "Journal of Vision",
	number = "1",
	pages = "9",
	title = "{What you see is what you need}",
	url = "+ http://dx.doi.org/10.1167/3.1.9",
	volume = "3",
	year = "2003"
}

@article{Nguyen2014,
	author = "Nguyen, L. S. and Frauendorfer, D. and Mast, M. S. and Gatica-Perez, D.",
	doi = "10.1109/TMM.2014.2307169",
	issn = "1520-9210",
	journal = "IEEE Transactions on Multimedia",
	keywords = "behavioural sciences; human resource management; industrial psychology; regression analysis; social sciences computing; behavioral feature extraction; employment interviews; hirability automatic prediction; hirability computational inference; job applicant; marketing job; nonverbal behavior; organizational psychology; regression method; ridge regression; social computing problem; Employment; Feature extraction; Interviews; Psychology; Sensors; Social network services; Visualization; Employment interviews; hirability; nonverbal behavior; social computing",
	month = "June",
	number = "4",
	pages = "1018--1031",
	title = "{Hire me: Computational Inference of Hirability in Employment Interviews Based on Nonverbal Behavior}",
	volume = "16",
	year = "2014"
}

@inproceedings{Muralidhar2016,
	acmid = "2993191",
	address = "New York, NY, USA",
	author = "Muralidhar, Skanda and Nguyen, Laurent Son and Frauendorfer, Denise and Odobez, Jean-Marc and {Schmid Mast}, Marianne and Gatica-Perez, Daniel",
	booktitle = "{Proceedings of the 18th ACM International Conference on Multimodal Interaction}",
	doi = "10.1145/2993148.2993191",
	isbn = "978-1-4503-4556-9",
	keywords = "Social computing; first impressions; job interview; multimodal interaction; nonverbal behavior",
	location = "Tokyo, Japan",
	numpages = "8",
	pages = "84--91",
	publisher = "ACM",
	series = "{ICMI 2016}",
	title = "{Training on the Job: Behavioral Analysis of Job Interviews in Hospitality}",
	url = "http://doi.acm.org/10.1145/2993148.2993191",
	year = "2016"
}

@inproceedings{Vernissage2013,
	author = "Jayagopi, D. B. and Sheiki, S. and Klotz, D. and Wienke, J. and Odobez, J. M. and Wrede, S. and Khalidov, V. and Nyugen, L. and Wrede, B. and Gatica-Perez, D.",
	booktitle = "{2013 8th ACM/IEEE International Conference on Human-Robot Interaction (HRI)}",
	doi = "10.1109/HRI.2013.6483545",
	issn = "2167-2121",
	keywords = "audio signal processing; human-robot interaction; humanoid robots; motion control; object tracking; pose estimation; robot vision; speaker recognition; speech processing; HRI dataset; NAO system state; Vernissage corpus; addressee detection; audio-visual task; auditory task; conversational human-robot-interaction dataset; gaze change; head-movement; humanoid robot; interactive behavior; nodding; nonverbal cues; perceptual task; pose estimation; real-behaving robot; robot conversation; social interaction; socially-interactive robot; speaker localization; speech segmentation; spoken words; static camera; tracking; visual domain; visual focus of attention estimation; visual processing; Art; Estimation; Humanoid robots; Robot sensing systems; Visualization; HRI corpus; Multimodal dataset; Social-robotics; Vernissage",
	month = "March",
	number = "",
	pages = "149--150",
	title = "{The vernissage corpus: A conversational Human-Robot-Interaction dataset}",
	volume = "",
	year = "2013"
}

@article{LMedS1984,
	author = "Rousseeuw, Peter J.",
	doi = "10.1080/01621459.1984.10477105",
	eprint = "https://www.tandfonline.com/doi/pdf/10.1080/01621459.1984.10477105",
	journal = "Journal of the American Statistical Association",
	number = "388",
	pages = "871--880",
	publisher = "Taylor \& Francis",
	title = "{Least Median of Squares Regression}",
	url = "https://www.tandfonline.com/doi/abs/10.1080/01621459.1984.10477105",
	volume = "79",
	year = "1984"
}

